<?xml version="1.0" encoding="UTF-8"?>
<record xmlns="http://www.loc.gov/MARC21/slim" xmlns:xsi="http://www.w3.org/2001/XMLSchema-instance" xsi:schemaLocation="http://www.loc.gov/MARC21/slim http://www.loc.gov/standards/marcxml/schema/MARC21slim.xsd">
<leader>00000cam a22      a 4500</leader>
<controlfield tag="001">002039917</controlfield>
<controlfield tag="003">NNU</controlfield>
<controlfield tag="005">20150611175923.0</controlfield>
<controlfield tag="008">910221s1988    ir       b    001 0 arar</controlfield>
<datafield tag="010" ind1=" " ind2=" ">
<subfield code="a">   88931982</subfield>
</datafield>
<datafield tag="035" ind1=" " ind2=" ">
<subfield code="a">(OCoLC)23213952</subfield>
<subfield code="z">(OCoLC)25991850</subfield>
<subfield code="z">(OCoLC)36264180</subfield>
</datafield>
<datafield tag="040" ind1=" " ind2=" ">
<subfield code="a">DLC</subfield>
<subfield code="b">eng</subfield>
<subfield code="c">DLC</subfield>
<subfield code="d">WAU</subfield>
<subfield code="d">OCLCG</subfield>
<subfield code="d">OCLCA</subfield>
<subfield code="d">OCLCO</subfield>
<subfield code="d">OCLCA</subfield>
<subfield code="d">OCLCF</subfield>
<subfield code="d">OCLCQ</subfield>
<subfield code="d">NNU</subfield>
</datafield>
<datafield tag="050" ind1=" " ind2="4">
<subfield code="a">BP193.1</subfield>
<subfield code="b">.S5318 1987</subfield>
</datafield>
<datafield tag="100" ind1="1" ind2=" ">
<subfield code="6">880-01</subfield>
<subfield code="a">Baḥrānī, Maytham ibn ʻAlī,</subfield>
<subfield code="d">-1280?</subfield>
</datafield>
<datafield tag="240" ind1="1" ind2="0">
<subfield code="6">880-02</subfield>
<subfield code="a">sharḥ Nahj al-balāghah al-wasīṭ.</subfield>
<subfield code="k">Selections</subfield>
</datafield>
<datafield tag="245" ind1="1" ind2="0">
<subfield code="6">880-03</subfield>
<subfield code="a">Ikhtiyār miṣbāh al-sālikīn :</subfield>
<subfield code="b">min kalām ... Amīr al-Muʼminīn ʻAlī ibn Abī Ṭālib : sharḥ Nahj al-balāghah al-wasīṭ /</subfield>
<subfield code="c">taʼlīf Maytham ibn ʻAlī ibn Maytham al-Baḥrānī ; taḥqīq wa-taqdīm wa-taʻlīq Muḥammad Hādī al-Amīnī.</subfield>
</datafield>
<datafield tag="246" ind1="3" ind2="0">
<subfield code="6">880-04</subfield>
<subfield code="a">sharḥ Nahj al-balāghah al-wasīṭ</subfield>
</datafield>
<datafield tag="250" ind1=" " ind2=" ">
<subfield code="6">880-05</subfield>
<subfield code="a">al-Ṭabʻah 1.</subfield>
</datafield>
<datafield tag="260" ind1=" " ind2=" ">
<subfield code="6">880-06</subfield>
<subfield code="a">Mashhad :</subfield>
<subfield code="b">Majmaʼ al-Buḥūth al-Islāmīyah,</subfield>
<subfield code="c">1366 [1987 or 1988]</subfield>
</datafield>
<datafield tag="300" ind1=" " ind2=" ">
<subfield code="a">724 pages ;</subfield>
<subfield code="c">24 cm</subfield>
</datafield>
<datafield tag="336" ind1=" " ind2=" ">
<subfield code="a">text</subfield>
<subfield code="b">txt</subfield>
<subfield code="2">rdacontent</subfield>
</datafield>
<datafield tag="337" ind1=" " ind2=" ">
<subfield code="a">unmediated</subfield>
<subfield code="b">n</subfield>
<subfield code="2">rdamedia</subfield>
</datafield>
<datafield tag="338" ind1=" " ind2=" ">
<subfield code="a">volume</subfield>
<subfield code="b">nc</subfield>
<subfield code="2">rdacarrier</subfield>
</datafield>
<datafield tag="504" ind1=" " ind2=" ">
<subfield code="a">Includes bibliographical references (pages 708-712) and indexes.</subfield>
</datafield>
<datafield tag="600" ind1="1" ind2="0">
<subfield code="6">880-07</subfield>
<subfield code="a">Sharīf al-Raḍī, Muḥammad ibn al-Ḥusayn,</subfield>
<subfield code="d">969 or 970-1016.</subfield>
<subfield code="t">Nahj al-balāghah.</subfield>
</datafield>
<datafield tag="600" ind1="0" ind2="0">
<subfield code="6">880-08</subfield>
<subfield code="a">ʻAlī ibn Abī Ṭālib,</subfield>
<subfield code="c">Caliph,</subfield>
<subfield code="d">approximately 600-661</subfield>
<subfield code="x">Hadith.</subfield>
</datafield>
<datafield tag="600" ind1="0" ind2="7">
<subfield code="a">ʻAlī ibn Abī Ṭālib,</subfield>
<subfield code="c">Caliph,</subfield>
<subfield code="d">approximately 600-661</subfield>
<subfield code="2">fast</subfield>
<subfield code="0">(OCoLC)fst01804105</subfield>
</datafield>
<datafield tag="630" ind1="0" ind2="7">
<subfield code="a">Nahj al-balāghah (Sharīf al-Raḍī, Muḥammad ibn al-Ḥusayn)</subfield>
<subfield code="2">fast</subfield>
<subfield code="0">(OCoLC)fst01368261</subfield>
</datafield>
<datafield tag="650" ind1=" " ind2="7">
<subfield code="a">Hadith.</subfield>
<subfield code="2">fast</subfield>
<subfield code="0">(OCoLC)fst00950112</subfield>
</datafield>
<datafield tag="653" ind1=" " ind2=" ">
<subfield code="6">880-09</subfield>
<subfield code="a">Nahj al-balāghah</subfield>
</datafield>
<datafield tag="700" ind1="1" ind2=" ">
<subfield code="6">880-10</subfield>
<subfield code="a">Amīnī, Muḥammad Hādī.</subfield>
</datafield>
<datafield tag="880" ind1="0" ind2=" ">
<subfield code="6">100-01/</subfield>
<subfield code="a">ميثم بن على بن ميثم البجرانى،</subfield>
<subfield code="d">-1280?</subfield>
</datafield>
<datafield tag="880" ind1="1" ind2="0">
<subfield code="6">240-02/</subfield>
<subfield code="a">شرح نهج البلاغة.</subfield>
<subfield code="k">مختارات</subfield>
</datafield>
<datafield tag="880" ind1="1" ind2="0">
<subfield code="6">245-03/</subfield>
<subfield code="a">اختيار مصباح السالكين :</subfield>
<subfield code="b">من كلام ... امير المؤمنين على بن ابى طالب : (شرح نهج البلاغة الوسيط) /</subfield>
<subfield code="c">تأليف ميثم بن على بن ميثم البجرانى ؛ تحقيق وتقديم وتعليق محمد هادى الامينى.</subfield>
</datafield>
<datafield tag="880" ind1="3" ind2="0">
<subfield code="6">246-04/</subfield>
<subfield code="a">شرح نهج البلاغة الوسيط</subfield>
</datafield>
<datafield tag="880" ind1=" " ind2=" ">
<subfield code="6">250-05/</subfield>
<subfield code="a">الطبعة ١.</subfield>
</datafield>
<datafield tag="880" ind1=" " ind2=" ">
<subfield code="6">260-06/</subfield>
<subfield code="a">مشهد :</subfield>
<subfield code="b">مجمع البحوث الاسلامية،</subfield>
<subfield code="c">١٣٦٦.</subfield>
</datafield>
<datafield tag="880" ind1="1" ind2="4">
<subfield code="6">600-07/</subfield>
<subfield code="a">شريف الرضي، محمد بن الحسين،</subfield>
<subfield code="d">969 or 970-1016.</subfield>
<subfield code="t">نهج البلاغة.</subfield>
</datafield>
<datafield tag="880" ind1="0" ind2="0">
<subfield code="6">600-08/</subfield>
<subfield code="a">علي بن ابي طالب،</subfield>
<subfield code="c">Caliph,</subfield>
<subfield code="d">approximately 600-661</subfield>
<subfield code="x">Hadith.</subfield>
</datafield>
<datafield tag="880" ind1=" " ind2=" ">
<subfield code="6">653-09/</subfield>
<subfield code="a">نهج البلاغة</subfield>
</datafield>
<datafield tag="880" ind1="0" ind2=" ">
<subfield code="6">700-10/</subfield>
<subfield code="a">محمد هادى الامينى.</subfield>
</datafield>
<datafield tag="OWN" ind1=" " ind2=" ">
<subfield code="a">GENERAL</subfield>
</datafield>
<datafield tag="AVA" ind1=" " ind2=" ">
<subfield code="a">NYU50</subfield>
<subfield code="b">BOBST</subfield>
<subfield code="c">Main Collection</subfield>
<subfield code="d">BP193.1 .B251 1987</subfield>
<subfield code="e">unavailable</subfield>
<subfield code="t">Unavailable</subfield>
<subfield code="f">1</subfield>
<subfield code="g">1</subfield>
<subfield code="h">N</subfield>
<subfield code="i">0</subfield>
<subfield code="j">MAIN</subfield>
<subfield code="k">0</subfield>
</datafield>
</record>
